@misc{dumont_komanawakendall_stats_2023,
    title = {komanawa.kendall\_stats https://github.com/Komanawa-Solutions-Ltd/kendall\_multipart\_kendall},
    url = {https://github.com/Komanawa-Solutions-Ltd/kendall_multipart_kendall},
    author = {Dumont, Matt},
    month = sep,
    year = {2023},
}

@misc{dumont_komanawagw_age_tools_2023,
    title = {komanawa.gw\_age\_tools https://github.com/Komanawa-Solutions-Ltd/gw\_age\_tools},
    author = {Dumont, Matt},
    month = sep,
    year = {2023},
}

@article{dumont_determining_nodate,
    title = {Determining the likelihood and cost of detecting reductions of nitrate-nitrogen concentrations in groundwater across {New} {Zealand}},
    author = {Dumont, Matt and McDowell, Richard and Etheridge, Zeb},
    year = {2023},
    howpublished = {In submission}
}

@misc{dumont_komanawagw_detect_power_2023,
    title = {komanawa.gw\_detect\_power https://github.com/Komanawa-Solutions-Ltd/gw\_detect\_power},
    url = {https://github.com/Komanawa-Solutions-Ltd/gw_detect_power},
    author = {Dumont, Matt},
    month = sep,
    year = {2023},
}
@misc{scottpc,
  author = {Scott, Lisa},
  date = {2023-09-01},
  year = {2023},
  howpublished = {personal communication}
}

@article{mcdowell_global_2020,
    title = {Global mapping of freshwater nutrient enrichment and periphyton growth potential},
    volume = {10},
    issn = {2045-2322},
    number = {1},
    journal = {Scientific Reports},
    author = {McDowell, RW and Noble, A and Pletnyakov, P and Haggard, BE and Mosley, LM},
    year = {2020},
    note = {Publisher: Nature Publishing Group UK London},
    pages = {3568},
}

@article{horak_assessing_2019,
    title = {Assessing effects of confined animal production systems on water quality, ecological integrity, and macroinvertebrates at small piedmont streams ({Patagonia}, {Argentina})},
    volume = {216},
    issn = {0378-3774},
    journal = {Agricultural water management},
    author = {Horak, Cristina Natalia and Assef, Yanina Andrea and Miserendino, Mar√≠a Laura},
    year = {2019},
    note = {Publisher: Elsevier},
    pages = {242--253},
}

@article{wagenhoff_identifying_2017,
    title = {Identifying congruence in stream assemblage thresholds in response to nutrient and sediment gradients for limit setting},
    volume = {27},
    issn = {1051-0761},
    number = {2},
    journal = {Ecological Applications},
    author = {Wagenhoff, Annika and Clapcott, Joanne E and Lau, Kelvin EM and Lewis, Gillian D and Young, Roger G},
    year = {2017},
    note = {Publisher: Wiley Online Library},
    pages = {469--484},
}

@article{camargo_nitrate_2005,
    title = {Nitrate toxicity to aquatic animals: a review with new data for freshwater invertebrates},
    volume = {58},
    issn = {0045-6535},
    number = {9},
    journal = {Chemosphere},
    author = {Camargo, Julio A and Alonso, Alvaro and Salamanca, Annabella},
    year = {2005},
    note = {Publisher: Elsevier},
    pages = {1255--1267},
}

@article{rahman_anthropogenic_2021,
    title = {Anthropogenic nitrate in groundwater and its health risks in the view of background concentration in a semi arid area of {Rajasthan}, {India}},
    volume = {11},
    issn = {2045-2322},
    number = {1},
    journal = {Scientific reports},
    author = {Rahman, Abdur and Mondal, NC and Tiwari, KK},
    year = {2021},
    note = {Publisher: Nature Publishing Group UK London},
    pages = {9279},
}


@article{noauthor_national_2020,
    title = {National {Policy} {Statement} for {Freshwater} {Management} 2020},
    language = {en},
    author = {{Ministry for the Environment}},
    year = {2020},
    keywords = {policy},
}

@report{olw_guidance,
    author = {Etheridge, Zeb and Dumont, Matt and Charlesworth, Evelyn},
    title = {Water quality monitoring for management of diffuse nitrate pollution},
    type = {type},
    number = {Z22014OLW.1},
    institution = {Komanawa Solutions Ltd},
    year={2023}
}